@article{Tangwongsan-Sliding-Window-Aggregation-Algorithms,
abstract = {},
author = {Tangwongsan, Kanat and Hirzel, Martin and Schneider, Scott},
doi = {10.1007/978-3-319-77525-8_157},
file = {:home/joao-conde/Documents/Mendeley/Tangwongsan, Hirzel, Schneider - 2019 - Sliding-Window Aggregation Algorithms.pdf:pdf},
isbn = {9781450350655},
journal = {Encyclopedia of Big Data Technologies},
keywords = {2017,acm reference format,aggregation,and kanat tangwongsan,in proceedings of debs,incremental algorithms,martin hirzel,rial,scott schneider,sliding-window aggregation algorithms,survey,tuto-,windows},
pages = {1516--1521},
title = {{Sliding-Window Aggregation Algorithms}},
year = {2019}
}

@article{Kolajo-Big-data-stream-SLR,
abstract = {},
author = {Kolajo, Taiwo and Daramola, Olawande and Adebiyi, Ayodele},
doi = {10.1186/s40537-019-0210-7},
file = {:home/joao-conde/Documents/Mendeley/Big data stream analysis$\backslash$: a systematic literature review.pdf:pdf},
isbn = {4053701902},
issn = {21961115},
journal = {Journal of Big Data},
keywords = {Big data stream analysis,Big data streaming tools and technologies,Stream computing},
number = {1},
publisher = {Springer International Publishing},
title = {{Big data stream analysis: a systematic literature review}},
url = {https://doi.org/10.1186/s40537-019-0210-7},
volume = {6},
year = {2019}
}

@Article{Mavragani-GoogleTrends-SLR,
author="Mavragani, Amaryllis
and Ochoa, Gabriela
and Tsagarakis, Konstantinos P",
title="Assessing the Methods, Tools, and Statistical Approaches in Google Trends Research: Systematic Review",
journal="J Med Internet Res",
year="2018",
month="Nov",
day="06",
volume="20",
number="11",
pages="e270",
keywords="big data; health assessment; infodemiology; Google Trends; medicine; review; statistical analysis",
abstract={},
issn="1438-8871",
doi="10.2196/jmir.9366",
url="https://www.jmir.org/2018/11/e
270/",
url="https://doi.org/10.2196/jmir.9366",
url="http://www.ncbi.nlm.nih.gov/pubmed/30401664"
}

@book{Gama-Knowledge-Discovery,
 author = {Gama, Joao},
 title = {Knowledge Discovery from Data Streams},
 year = {2010},
 isbn = {1439826110},
 publisher = {Chapman \& Hall/CRC},
 edition = {1st}
}

@inproceedings{Aggarwal-Evolving-Data-Streams,
 author = {Aggarwal, Charu C. and Han, Jiawei and Wang, Jianyong and Yu, Philip S.},
 title = {A Framework for Clustering Evolving Data Streams},
 year = {2003},
 isbn = {0127224424},
 publisher = {VLDB Endowment},
 booktitle = {Proceedings of the 29th International Conference on Very Large Data Bases - Volume 29},
 pages = {81–92},
 numpages = {12},
 location = {Berlin, Germany},
 series = {VLDB ’03}
}

  @inproceedings{Domingos-Mining-Time-Data-Streams,
 author = {Hulten, Geoff and Spencer, Laurie and Domingos, Pedro},
 title = {Mining Time-Changing Data Streams},
 year = {2001},
 isbn = {158113391X},
 publisher = {Association for Computing Machinery},
 address = {New York, NY, USA},
 url = {https://doi.org/10.1145/502512.502529},
 doi = {10.1145/502512.502529},
 booktitle = {Proceedings of the Seventh ACM SIGKDD International Conference on Knowledge Discovery and Data Mining},
 pages = {97–106},
 numpages = {10},
 keywords = {data streams, subsampling, concept drift, incremental learning, Decision trees, Hoeffding bounds},
 location = {San Francisco, California},
 series = {KDD ’01}
}

@article{Kifer-Detecting-Change,
abstract = {},
author = {KIFER, D and BENDAVID, S and GEHRKE, J},
doi = {10.1016/b978-012088469-8/50019-x},
file = {:home/joao-conde/Documents/Mendeley/Detecting Change in Data Streams.pdf:pdf},
journal = {Proceedings 2004 VLDB Conference},
pages = {180--191},
title = {{Detecting Change in Data Streams}},
year = {2004}
}

@article{Giannella-Mining-Frequent-Patterns,
abstract = {},
author = {Giannella, Chris and Han, Jiawei and Yan, Xifeng and Yu, Philip S},
doi = {10.1.1.14.2327},
file = {:home/joao-conde/Documents/Mendeley/Mining Frequent Patterns in Data Streams at Multiple Time Granularities.pdf:pdf},
journal = {Next generation data mining},
pages = {191--212},
title = {{Mining Frequent Patterns in Data Streams at Multiple Time Granularities}},
url = {http://web.engr.illinois.edu/{~}hanj/pdf/fpstm03.pdf},
year = {2003}
}

@article{Yang-Neighbor-Based-Pattern-Detection,
abstract = {},
author = {Yang, Di and Rundensteiner, Elke A. and Ward, Matthew O.},
doi = {10.1145/1516360.1516422},
file = {:home/joao-conde/Documents/Mendeley/Neighbor-based pattern detection for windows over streaming data.pdf:pdf},
isbn = {9781605584225},
journal = {Proceedings of the 12th International Conference on Extending Database Technology: Advances in Database Technology, EDBT'09},
pages = {529--540},
title = {{Neighbor-based pattern detection for windows over streaming data}},
year = {2009}
}

@article{Ahmad-HTM,
abstract = {},
journal = {CoRR},
archivePrefix = {arXiv},
arxivId = {1607.02480},
author = {Ahmad, Subutai and Purdy, Scott},
eprint = {1607.02480},
file = {:home/joao-conde/Documents/Mendeley/Ahmad, Purdy - 2016 - Real-Time Anomaly Detection for Streaming Analytics.pdf:pdf},
keywords = {anomally,streaming-analytics},
mendeley-tags = {anomally,streaming-analytics},
title = {{Real-Time Anomaly Detection for Streaming Analytics}},
url = {http://arxiv.org/abs/1607.02480},
year = {2016}
}

@article{Munir-DeepAnT,
abstract = {},
author = {Munir, Mohsin and Siddiqui, Shoaib Ahmed and Dengel, Andreas and Ahmed, Sheraz},
doi = {10.1109/ACCESS.2018.2886457},
file = {:home/joao-conde/Documents/Mendeley/DeepAnT$\backslash$: A Deep Learning Approach for Unsupervised Anomaly Detection in Time Series.pdf:pdf},
issn = {21693536},
journal = {IEEE Access},
keywords = {Anomaly detection,artificial intelligence,convolutional neural network,deep neural networks,recurrent neural networks,time series analysis},
pages = {1991--2005},
publisher = {IEEE},
title = {{DeepAnT: A Deep Learning Approach for Unsupervised Anomaly Detection in Time Series}},
volume = {7},
year = {2019}
}

@article{Singh-PDS-BIGD,
abstract = {},
author = {Singh, Amritpal and Garg, Sahil and Kaur, Ravneet and Batra, Shalini and Kumar, Neeraj and Zomaya, Albert Y.},
doi = {10.1016/j.knosys.2019.104987},
file = {:home/joao-conde/Documents/Mendeley/Probabilistic data structures for big data analytics$\backslash$: A comprehensive review.pdf:pdf},
issn = {09507051},
journal = {Knowledge-Based Systems},
keywords = {Big data,Bloom filter,Count min sketch,HyperLogLog counter,Internet of things (IoT),Locality sensitive hashing,Min-hash,Probabilistic data structures,Quotient filter},
pages = {104987},
publisher = {Elsevier B.V.},
title = {{Probabilistic data structures for big data analytics: A comprehensive review}},
url = {https://doi.org/10.1016/j.knosys.2019.104987},
year = {2019}
}

@article{Flajolet-HLL,
abstract = {},
author = {Flajolet, Philippe},
file = {:home/joao-conde/Documents/Mendeley/Stiglitz, Joseph, Soros - 2001 - HyperLogLog the analysis of a near-optimal cardinality estimation algorithm.pdf:pdf},
issn = {1365-8050},
journal = {2007 Conference on Analysis ofAlgorithms, AofA 07},
pages = {127--146},
title = {{HyperLogLog: the analysis of a near-optimal cardinality estimation algorithm}},
url = {http://www.freepatentsonline.com/article/DMTCS-Proceedings/190003612.html{\%}5Cnhttp://algo.inria.fr/flajolet/Publications/FlFuGaMe07.pdf{\%}5Cnhttp://www.dmtcs.org/dmtcs-ojs/index.php/proceedings/article/view/dmAH0110},
year = {2001}
}

@article{Cormode-CMS,
abstract = {},
author = {Cormode, Graham and Muthukrishnan, S.},
doi = {10.1016/j.jalgor.2003.12.001},
file = {:home/joao-conde/Documents/Mendeley/An improved data stream summary$\backslash$:the count-min sketch and its applications.pdf:pdf},
issn = {03029743},
journal = {Lecture Notes in Computer Science (including subseries Lecture Notes in Artificial Intelligence and Lecture Notes in Bioinformatics)},
pages = {29--38},
title = {{An improved data stream summary: The Count-Min Sketch and its applications}},
volume = {2976},
year = {2004}
}

@article{BLOOM-BLOOMFILTER,
abstract = {},
author = {{BURTON H. BLOOM}},
doi = {10.1145/1061453.1061454},
file = {:home/joao-conde/Documents/Mendeley/Space{\&}Time Trade-offs in Hash Coding with Allowable Errors.pdf:pdf},
issn = {01635743},
journal = {ACM SIGDA Newsletter},
keywords = {and phrases,hash addressing,hash coding,retrieval efficiency,retrieval trade-offs,scatter storage,searching,storage,storage layout},
number = {1},
pages = {6--11},
title = {{Space/Time Trade-offs in Hash Coding with Allowable Errors}},
volume = {8},
year = {1978}
}

@article{Flajolet-PCA,
abstract = {},
author = {Flajolet, Philippe and {Nigel Martin}, G.},
doi = {10.1016/0022-0000(85)90041-8},
file = {:home/joao-conde/Documents/Mendeley/Probabilistic counting algorithms for data base applications.pdf:pdf},
issn = {10902724},
journal = {Journal of Computer and System Sciences},
number = {2},
pages = {182--209},
title = {{Probabilistic counting algorithms for data base applications}},
volume = {31},
year = {1985}
}

@article{Flajolet-LogLog,
author = {Durand, Marianne and Flajolet, Philippe},
journal={inproceedings},
file = {:home/joao-conde/Documents/Mendeley/Loglog counting of large cardinalities.pdf:pdf},
pages = {1--14},
title = {{LogLog Counting of Large Cardinalities}},
url = {papers2://publication/uuid/332E3145-A4DF-42EF-AB01-BC0808B23F26},
year = {2007}
}

@article{Chabchoub-Sliding-HLL,
abstract = {},
author = {Chabchoub, Yousra and H{\'{e}}brail, Georges},
doi = {10.1109/ICDMW.2010.18},
file = {:home/joao-conde/Documents/Mendeley/Sliding HyperLogLog Estimating cardinality in a data stream.pdf:pdf},
isbn = {9780769542577},
issn = {15504786},
journal = {Proceedings - IEEE International Conference on Data Mining, ICDM},
keywords = {Approximation algorithms,Data stream,Hashing,Sliding window},
pages = {1297--1303},
title = {{Sliding HyperLogLog: Estimating cardinality in a data stream over a sliding window}},
year = {2010}
}

@article{Kirsch-Better-Bloom,
annote = {},
author = {Kirsch, Adam and
Mitzenmacher†, Michael},
doi = {10.1002/rsa},
file = {:home/joao-conde/Documents/Mendeley/Less Hashing, Same Performance$\backslash$: Building a Better Bloom Filter.pdf:pdf},
journal = {Random Structures and Algorithms},
keywords = {bloom filters,double hashing,poisson convergence},
pages = {524--548},
title = {{Less Hashing, Same Performance: Building a Better Bloom Filter}},
year = {2006}
}

@article{Carbone-Flink-Stream-Batch,
abstract = {},
journal={IEEE Data Eng. Bull. 2015},
author = {Carbone, Paris and Katsifodimos, Asterios and Kth, † and Sweden, Sics and Ewen, Stephan and Markl, Volker and Haridi, Seif and Tzoumas, Kostas},
file = {:home/joao-conde/Documents/Mendeley/Apache Flink$\backslash$: Stream and Batch Processing in a Single Engine.pdf:pdf},
pages = {28--38},
title = {{Apache Flink™: Stream and Batch Processing in a Single Engine}},
year = {2015}
}

@article{Martin-Batch-Defin,
abstract = {},
author = {Martin, Niels and Swennen, Marijke and Depaire, Beno{\^{i}}t and Jans, Mieke and Caris, An and Vanhoof, Koen},
file = {:home/joao-conde/Documents/Mendeley/Batch Processing$\backslash$: Definition and Event Log Identification.pdf:pdf},
issn = {16130073},
journal = {CEUR Workshop Proceedings},
keywords = {Batch procebing,Event log knowledge,Proceb mining},
pages = {137--140},
title = {{Batch processing: Definition and event log identification}},
volume = {1527},
year = {2015}
}

@article{Stonebraker-Stream-Processing-8-requirements,
abstract = {},
author = {Stonebraker, Michael and {\c{C}}etintemel, Uǧur and Zdonik, Stan},
doi = {10.1145/1107499.1107504},
file = {:home/joao-conde/Documents/Mendeley/The 8 Requirements of Real-Time Stream Processing.pdf:pdf},
issn = {01635808},
journal = {SIGMOD Record},
number = {4},
pages = {42--47},
title = {{The 8 requirements of real-time stream processing}},
volume = {34},
year = {2005}
}

@article{Rabl-Apache-Flink,
abstract = {},
author = {Rabl, Tilmann and Traub, Jonas and Katsifodimos, Asterios and Markl, Volker},
doi = {10.1515/itit-2016-0005},
file = {:home/joao/Documents/mendeley/docs/Apache Flink in current research.pdf:pdf},
issn = {1611-2776},
journal = {it - Information Technology},
keywords = {acm ccs,allel and distributed dbmss,apache flink,bbdc,database management,database management system engines,information systems,mapreduce-based sys-,par-,systems},
number = {4},
pages = {157--165},
title = {{Apache Flink in current research}},
volume = {58},
year = {2016}
}

@book{Galic-Geospatial-DS,
author = {{Zdravko Gali{\'{c}}}},
file = {},
publisher={CRC Press},
isbn = {9781138626447},
title = {{Geospatial Data Science Techniques and Applications}},
year = {2017}
}

@misc{hadoop,
  key = {Apache Hadoop},
  title = {Apache Hadoop},
  howpublished = {\url{http://hadoop.apache.org/}},
  note = {Accessed: 2020-01-23}
}

@misc{flink,
  key = {Apache Flink},
  title = {Apache Flink},
  howpublished = {\url{https://flink.apache.org/}},
  note = {Accessed: 2020-01-23}
}

@misc{spark,
  key = {Apache Spark},
  title = {Apache Spark},
  howpublished = {\url{https://spark.apache.org/}},
  note = {Accessed: 2020-01-23}
}

@article{Botan-SECRET,
    abstract = {},
    author = {Botan, Irina and Derakhshan, Roozbeh and Dindar, Nihal and Haas, Laura and Miller, Ren{\'{e}}e J. and Tatbul, Nesime},
    doi = {10.14778/1920841.1920874},
    file = {:home/joao/Documents/mendeley/docs/SECRET$\backslash$: A Model for Analysis of the Execution Semantics of Stream Processing Systems.pdf:pdf},
    issn = {21508097},
    journal = {Proceedings of the VLDB Endowment},
    number = {1},
    pages = {232--243},
    title = {{SECRET: A model for analysis of the execution semantics of stream processing systems}},
    volume = {3},
    year = {2010}
}

@article{Wang-Windows-Stream-Processing,
abstract = {},
author = {Gedik, Bugra},
doi = {10.1002/spe},
file = {:home/joao/Documents/mendeley/docs/Generic windowing support for extensible streamprocessing systems.pdf:pdf},
issn = {00380644},
journal = {Software - Practice and Experience},
keywords = {CYC Window Toolkit,Directx,Linux,Mac OS x,OpenGL,Windows},
number = {7},
pages = {701--736},
title = {{Generic windowing support for extensible stream processing systems}},
volume = {39},
year = {2009}
}

@misc{batch-is-a-special-case-of-streaming,
  key = {Batch is a special case of streaming},
  title = {Batch is a special case of streaming},
  howpublished = {\url{https://www.ververica.com/blog/batch-is-a-special-case-of-streaming}},
  note = {Accessed: 2020-01-30}
}

@misc{twitter-throughput,
  key = {Twitter throughput},
  title = {Twitter throughput},
  howpublished = {\url{https://blog.twitter.com/engineering/en_us/a/2013/new-tweets-per-second-record-and-how.html}},
  note = {Accessed: 2020-02-1}
}

@misc{bloom-filter-wikipedia,
  key = {Bloom Filter Wikipedia},
  title = {Bloom Filter Wikipedia},
  howpublished = {\url{https://en.wikipedia.org/wiki/Bloom_filter
    }},
  note = {Accessed: 2020-02-10}
}

@article{Han-FP-tree,
abstract = {},
author = {Han, Jiawei and Pei, Jian and Yin, Yiwen},
doi = {10.1145/335191.335372},
file = {:home/joao/Documents/mendeley/docs/Mining Frequent Patterns without Candidate Generation$\backslash$: A Frequent-Pattern Tree Approach.pdf:pdf},
issn = {01635808},
journal = {SIGMOD Record (ACM Special Interest Group on Management of Data)},
keywords = {algorithm,and it was supported,association mining,at simon fraser university,canada,data structure,frequent pattern mining,in part by the,natural sciences,performance improvements,the work was done},
number = {2},
pages = {1--12},
title = {{Mining frequent patterns without candidate generation}},
volume = {29},
year = {2000}
}

@article{Mullin-Bloom-Analysis,
author = {Mullin, James K.},
title = {A Second Look at Bloom Filters},
year = {1983},
issue_date = {August 1983},
publisher = {Association for Computing Machinery},
address = {New York, NY, USA},
volume = {26},
number = {8},
issn = {0001-0782},
url = {https://doi.org/10.1145/358161.358167},
doi = {10.1145/358161.358167},
journal = {Commun. ACM},
month = aug,
pages = {570–571},
numpages = {2},
keywords = {differential file, filter, bloom}
}
